@article{grolemund2018r,
  title={R for Data Science},
  author={Grolemund, Garrett and Wickham, Hadley},
  year={2018}
}

@book{wickham2019advanced,
  title={Advanced R},
  author={Wickham, Hadley},
  year={2019},
  publisher={CRC press}
}
